@online{fimu2020czech,
  title = {Fantasia Apocalyptica},
  subtitle = {Česká premiéra},
  date = {2020-01-01},
  author = {{Fakulta informatiky Masarykovy Univerzity}},
  publisher = {YouTube},
  url = {https://youtu.be/wk7dEKMPP68},
  urldate = {2023-09-10},
}

@article{luptak2019fantasia,
  title = {Fantasia Apocalyptica},
  subtitle = {Česká premiéra},
  author = {Dávid Lupták},
  journal = {Zpravodaj \CSTUG u},
  issn = {1211-6661},
  year = {2019},
  volume = {29},
  number = {1--4},
  doi = {10.5300/2019-1-4/11},
  pages = {11-18},
}

@article{szaniszlo2020dva,
  title = {Dva bloky otázok a odpovedí od Donalda Knutha na FI MU},
  author = {Szaniszlo, Tomáš},
  journal = {Zpravodaj \CSTUG u},
  issn = {1211-6661},
  year = {2020},
  volume = {30},
  number = {1--2},
  doi = {10.5300/2020-1-2/64},
  pages = {64-97},
}

@online{knuth2023fantasia,
  title = {Fantasia Apocalyptica},
  author = {Donald Knuth},
  url = {https://www-cs-faculty.stanford.edu/~knuth/fant.html},
  urldate = {2023-09-10},
}